%YAML 1.1
%TAG !u! tag:unity3d.com,2011:
--- !u!29 &1
OcclusionCullingSettings:
  m_ObjectHideFlags: 0
  serializedVersion: 2
  m_OcclusionBakeSettings:
    smallestOccluder: 5
    smallestHole: 0.25
    backfaceThreshold: 100
  m_SceneGUID: 00000000000000000000000000000000
  m_OcclusionCullingData: {fileID: 0}
--- !u!104 &2
RenderSettings:
  m_ObjectHideFlags: 0
  serializedVersion: 8
  m_Fog: 0
  m_FogColor: {r: 0.5, g: 0.5, b: 0.5, a: 1}
  m_FogMode: 3
  m_FogDensity: 0.01
  m_LinearFogStart: 0
  m_LinearFogEnd: 300
  m_AmbientSkyColor: {r: 0.212, g: 0.227, b: 0.259, a: 1}
  m_AmbientEquatorColor: {r: 0.114, g: 0.125, b: 0.133, a: 1}
  m_AmbientGroundColor: {r: 0.047, g: 0.043, b: 0.035, a: 1}
  m_AmbientIntensity: 1
  m_AmbientMode: 3
  m_SubtractiveShadowColor: {r: 0.42, g: 0.478, b: 0.627, a: 1}
  m_SkyboxMaterial: {fileID: 0}
  m_HaloStrength: 0.5
  m_FlareStrength: 1
  m_FlareFadeSpeed: 3
  m_HaloTexture: {fileID: 0}
  m_SpotCookie: {fileID: 10001, guid: 0000000000000000e000000000000000, type: 0}
  m_DefaultReflectionMode: 0
  m_DefaultReflectionResolution: 128
  m_ReflectionBounces: 1
  m_ReflectionIntensity: 1
  m_CustomReflection: {fileID: 0}
  m_Sun: {fileID: 0}
  m_IndirectSpecularColor: {r: 0, g: 0, b: 0, a: 1}
--- !u!157 &3
LightmapSettings:
  m_ObjectHideFlags: 0
  serializedVersion: 11
  m_GIWorkflowMode: 1
  m_GISettings:
    serializedVersion: 2
    m_BounceScale: 1
    m_IndirectOutputScale: 1
    m_AlbedoBoost: 1
    m_TemporalCoherenceThreshold: 1
    m_EnvironmentLightingMode: 0
    m_EnableBakedLightmaps: 0
    m_EnableRealtimeLightmaps: 0
  m_LightmapEditorSettings:
    serializedVersion: 9
    m_Resolution: 2
    m_BakeResolution: 40
    m_TextureWidth: 1024
    m_TextureHeight: 1024
    m_AO: 0
    m_AOMaxDistance: 1
    m_CompAOExponent: 1
    m_CompAOExponentDirect: 0
    m_Padding: 2
    m_LightmapParameters: {fileID: 0}
    m_LightmapsBakeMode: 1
    m_TextureCompression: 1
    m_FinalGather: 0
    m_FinalGatherFiltering: 1
    m_FinalGatherRayCount: 256
    m_ReflectionCompression: 2
    m_MixedBakeMode: 2
    m_BakeBackend: 0
    m_PVRSampling: 1
    m_PVRDirectSampleCount: 32
    m_PVRSampleCount: 500
    m_PVRBounces: 2
    m_PVRFilterTypeDirect: 0
    m_PVRFilterTypeIndirect: 0
    m_PVRFilterTypeAO: 0
    m_PVRFilteringMode: 1
    m_PVRCulling: 1
    m_PVRFilteringGaussRadiusDirect: 1
    m_PVRFilteringGaussRadiusIndirect: 5
    m_PVRFilteringGaussRadiusAO: 2
    m_PVRFilteringAtrousPositionSigmaDirect: 0.5
    m_PVRFilteringAtrousPositionSigmaIndirect: 2
    m_PVRFilteringAtrousPositionSigmaAO: 1
  m_LightingDataAsset: {fileID: 0}
  m_UseShadowmask: 1
--- !u!196 &4
NavMeshSettings:
  serializedVersion: 2
  m_ObjectHideFlags: 0
  m_BuildSettings:
    serializedVersion: 2
    agentTypeID: 0
    agentRadius: 0.5
    agentHeight: 2
    agentSlope: 45
    agentClimb: 0.4
    ledgeDropHeight: 0
    maxJumpAcrossDistance: 0
    minRegionArea: 2
    manualCellSize: 0
    cellSize: 0.16666667
    manualTileSize: 0
    tileSize: 256
    accuratePlacement: 0
    debug:
      m_Flags: 0
  m_NavMeshData: {fileID: 0}
--- !u!1001 &60481547
Prefab:
  m_ObjectHideFlags: 0
  serializedVersion: 2
  m_Modification:
    m_TransformParent: {fileID: 1445182525}
    m_Modifications:
    - target: {fileID: 224621349357899402, guid: f5e270ef7149f1a4aade4a4695c6eec2,
        type: 2}
      propertyPath: m_LocalPosition.x
      value: 0
      objectReference: {fileID: 0}
    - target: {fileID: 224621349357899402, guid: f5e270ef7149f1a4aade4a4695c6eec2,
        type: 2}
      propertyPath: m_LocalPosition.y
      value: 0
      objectReference: {fileID: 0}
    - target: {fileID: 224621349357899402, guid: f5e270ef7149f1a4aade4a4695c6eec2,
        type: 2}
      propertyPath: m_LocalPosition.z
      value: 0
      objectReference: {fileID: 0}
    - target: {fileID: 224621349357899402, guid: f5e270ef7149f1a4aade4a4695c6eec2,
        type: 2}
      propertyPath: m_LocalRotation.x
      value: -0
      objectReference: {fileID: 0}
    - target: {fileID: 224621349357899402, guid: f5e270ef7149f1a4aade4a4695c6eec2,
        type: 2}
      propertyPath: m_LocalRotation.y
      value: -0
      objectReference: {fileID: 0}
    - target: {fileID: 224621349357899402, guid: f5e270ef7149f1a4aade4a4695c6eec2,
        type: 2}
      propertyPath: m_LocalRotation.z
      value: -0
      objectReference: {fileID: 0}
    - target: {fileID: 224621349357899402, guid: f5e270ef7149f1a4aade4a4695c6eec2,
        type: 2}
      propertyPath: m_LocalRotation.w
      value: 1
      objectReference: {fileID: 0}
    - target: {fileID: 224621349357899402, guid: f5e270ef7149f1a4aade4a4695c6eec2,
        type: 2}
      propertyPath: m_RootOrder
      value: 2
      objectReference: {fileID: 0}
    - target: {fileID: 224621349357899402, guid: f5e270ef7149f1a4aade4a4695c6eec2,
        type: 2}
      propertyPath: m_AnchoredPosition.x
      value: 0
      objectReference: {fileID: 0}
    - target: {fileID: 224621349357899402, guid: f5e270ef7149f1a4aade4a4695c6eec2,
        type: 2}
      propertyPath: m_AnchoredPosition.y
      value: 0
      objectReference: {fileID: 0}
    - target: {fileID: 224621349357899402, guid: f5e270ef7149f1a4aade4a4695c6eec2,
        type: 2}
      propertyPath: m_SizeDelta.x
      value: 0
      objectReference: {fileID: 0}
    - target: {fileID: 224621349357899402, guid: f5e270ef7149f1a4aade4a4695c6eec2,
        type: 2}
      propertyPath: m_SizeDelta.y
      value: 0
      objectReference: {fileID: 0}
    - target: {fileID: 224621349357899402, guid: f5e270ef7149f1a4aade4a4695c6eec2,
        type: 2}
      propertyPath: m_AnchorMin.x
      value: 0
      objectReference: {fileID: 0}
    - target: {fileID: 224621349357899402, guid: f5e270ef7149f1a4aade4a4695c6eec2,
        type: 2}
      propertyPath: m_AnchorMin.y
      value: 0
      objectReference: {fileID: 0}
    - target: {fileID: 224621349357899402, guid: f5e270ef7149f1a4aade4a4695c6eec2,
        type: 2}
      propertyPath: m_AnchorMax.x
      value: 1
      objectReference: {fileID: 0}
    - target: {fileID: 224621349357899402, guid: f5e270ef7149f1a4aade4a4695c6eec2,
        type: 2}
      propertyPath: m_AnchorMax.y
      value: 1
      objectReference: {fileID: 0}
    - target: {fileID: 224621349357899402, guid: f5e270ef7149f1a4aade4a4695c6eec2,
        type: 2}
      propertyPath: m_Pivot.x
      value: 0.5
      objectReference: {fileID: 0}
    - target: {fileID: 224621349357899402, guid: f5e270ef7149f1a4aade4a4695c6eec2,
        type: 2}
      propertyPath: m_Pivot.y
      value: 0.5
      objectReference: {fileID: 0}
    - target: {fileID: 224507589833973086, guid: f5e270ef7149f1a4aade4a4695c6eec2,
        type: 2}
      propertyPath: m_LocalPosition.x
      value: -490
      objectReference: {fileID: 0}
    - target: {fileID: 224672692150761346, guid: f5e270ef7149f1a4aade4a4695c6eec2,
        type: 2}
      propertyPath: m_LocalPosition.x
      value: 490
      objectReference: {fileID: 0}
    - target: {fileID: 224424559843392196, guid: f5e270ef7149f1a4aade4a4695c6eec2,
        type: 2}
      propertyPath: m_LocalPosition.y
      value: 1257.4008
      objectReference: {fileID: 0}
    - target: {fileID: 1266869357572988, guid: f5e270ef7149f1a4aade4a4695c6eec2, type: 2}
      propertyPath: m_IsActive
      value: 0
      objectReference: {fileID: 0}
    m_RemovedComponents: []
  m_ParentPrefab: {fileID: 100100000, guid: f5e270ef7149f1a4aade4a4695c6eec2, type: 2}
  m_IsPrefabParent: 0
--- !u!224 &151569701 stripped
RectTransform:
  m_PrefabParentObject: {fileID: 224270627703713410, guid: 5e202e0de24b459428c75711656d1f62,
    type: 2}
  m_PrefabInternal: {fileID: 1448585968}
--- !u!1 &190855604
GameObject:
  m_ObjectHideFlags: 0
  m_PrefabParentObject: {fileID: 0}
  m_PrefabInternal: {fileID: 0}
  serializedVersion: 5
  m_Component:
  - component: {fileID: 190855606}
  - component: {fileID: 190855605}
  - component: {fileID: 190855607}
  - component: {fileID: 190855608}
  m_Layer: 0
  m_Name: Manager(Singleton)
  m_TagString: Untagged
  m_Icon: {fileID: 0}
  m_NavMeshLayer: 0
  m_StaticEditorFlags: 0
  m_IsActive: 1
--- !u!114 &190855605
MonoBehaviour:
  m_ObjectHideFlags: 0
  m_PrefabParentObject: {fileID: 0}
  m_PrefabInternal: {fileID: 0}
  m_GameObject: {fileID: 190855604}
  m_Enabled: 1
  m_EditorHideFlags: 0
  m_Script: {fileID: 11500000, guid: 53ea2944076af447aaeee9563078e039, type: 3}
  m_Name: 
  m_EditorClassIdentifier: 
  _PanelLoading: {fileID: 1102700295299106, guid: 0c5886ab42386924d9220580aad485a2,
    type: 2}
--- !u!4 &190855606
Transform:
  m_ObjectHideFlags: 0
  m_PrefabParentObject: {fileID: 0}
  m_PrefabInternal: {fileID: 0}
  m_GameObject: {fileID: 190855604}
  m_LocalRotation: {x: 0, y: 0, z: 0, w: 1}
  m_LocalPosition: {x: 0, y: 0, z: 0}
  m_LocalScale: {x: 1, y: 1, z: 1}
  m_Children: []
  m_Father: {fileID: 0}
  m_RootOrder: 4
  m_LocalEulerAnglesHint: {x: 0, y: 0, z: 0}
--- !u!114 &190855607
MonoBehaviour:
  m_ObjectHideFlags: 0
  m_PrefabParentObject: {fileID: 0}
  m_PrefabInternal: {fileID: 0}
  m_GameObject: {fileID: 190855604}
  m_Enabled: 1
  m_EditorHideFlags: 0
  m_Script: {fileID: 11500000, guid: 449e6a7948e04304585937d81c67187d, type: 3}
  m_Name: 
  m_EditorClassIdentifier: 
  minSwipeLength: 0.5
  triggerSwipeAtMinLength: 0
  useEightDirections: 0
--- !u!114 &190855608
MonoBehaviour:
  m_ObjectHideFlags: 0
  m_PrefabParentObject: {fileID: 0}
  m_PrefabInternal: {fileID: 0}
  m_GameObject: {fileID: 190855604}
  m_Enabled: 1
  m_EditorHideFlags: 0
  m_Script: {fileID: 11500000, guid: 69dd5270dd33bc64fbd5b11959e85050, type: 3}
  m_Name: 
  m_EditorClassIdentifier: 
  e_DeviceController: {fileID: 2052065422}
--- !u!224 &257393306 stripped
RectTransform:
  m_PrefabParentObject: {fileID: 224517332019892718, guid: a1eea0f8f65172d4bad468d984814b30,
    type: 2}
  m_PrefabInternal: {fileID: 1472217229}
--- !u!1001 &264727445
Prefab:
  m_ObjectHideFlags: 0
  serializedVersion: 2
  m_Modification:
    m_TransformParent: {fileID: 1445182525}
    m_Modifications:
    - target: {fileID: 224768795586167810, guid: 2ea99dcf7f2cafb418d665401937a9c6,
        type: 2}
      propertyPath: m_LocalPosition.x
      value: 0
      objectReference: {fileID: 0}
    - target: {fileID: 224768795586167810, guid: 2ea99dcf7f2cafb418d665401937a9c6,
        type: 2}
      propertyPath: m_LocalPosition.y
      value: 0
      objectReference: {fileID: 0}
    - target: {fileID: 224768795586167810, guid: 2ea99dcf7f2cafb418d665401937a9c6,
        type: 2}
      propertyPath: m_LocalPosition.z
      value: 0
      objectReference: {fileID: 0}
    - target: {fileID: 224768795586167810, guid: 2ea99dcf7f2cafb418d665401937a9c6,
        type: 2}
      propertyPath: m_LocalRotation.x
      value: -0
      objectReference: {fileID: 0}
    - target: {fileID: 224768795586167810, guid: 2ea99dcf7f2cafb418d665401937a9c6,
        type: 2}
      propertyPath: m_LocalRotation.y
      value: -0
      objectReference: {fileID: 0}
    - target: {fileID: 224768795586167810, guid: 2ea99dcf7f2cafb418d665401937a9c6,
        type: 2}
      propertyPath: m_LocalRotation.z
      value: -0
      objectReference: {fileID: 0}
    - target: {fileID: 224768795586167810, guid: 2ea99dcf7f2cafb418d665401937a9c6,
        type: 2}
      propertyPath: m_LocalRotation.w
      value: 1
      objectReference: {fileID: 0}
    - target: {fileID: 224768795586167810, guid: 2ea99dcf7f2cafb418d665401937a9c6,
        type: 2}
      propertyPath: m_RootOrder
      value: 8
      objectReference: {fileID: 0}
    - target: {fileID: 224768795586167810, guid: 2ea99dcf7f2cafb418d665401937a9c6,
        type: 2}
      propertyPath: m_AnchoredPosition.x
      value: 0
      objectReference: {fileID: 0}
    - target: {fileID: 224768795586167810, guid: 2ea99dcf7f2cafb418d665401937a9c6,
        type: 2}
      propertyPath: m_AnchoredPosition.y
      value: 0
      objectReference: {fileID: 0}
    - target: {fileID: 224768795586167810, guid: 2ea99dcf7f2cafb418d665401937a9c6,
        type: 2}
      propertyPath: m_SizeDelta.x
      value: 0
      objectReference: {fileID: 0}
    - target: {fileID: 224768795586167810, guid: 2ea99dcf7f2cafb418d665401937a9c6,
        type: 2}
      propertyPath: m_SizeDelta.y
      value: 0
      objectReference: {fileID: 0}
    - target: {fileID: 224768795586167810, guid: 2ea99dcf7f2cafb418d665401937a9c6,
        type: 2}
      propertyPath: m_AnchorMin.x
      value: 0
      objectReference: {fileID: 0}
    - target: {fileID: 224768795586167810, guid: 2ea99dcf7f2cafb418d665401937a9c6,
        type: 2}
      propertyPath: m_AnchorMin.y
      value: 0
      objectReference: {fileID: 0}
    - target: {fileID: 224768795586167810, guid: 2ea99dcf7f2cafb418d665401937a9c6,
        type: 2}
      propertyPath: m_AnchorMax.x
      value: 1
      objectReference: {fileID: 0}
    - target: {fileID: 224768795586167810, guid: 2ea99dcf7f2cafb418d665401937a9c6,
        type: 2}
      propertyPath: m_AnchorMax.y
      value: 1
      objectReference: {fileID: 0}
    - target: {fileID: 224768795586167810, guid: 2ea99dcf7f2cafb418d665401937a9c6,
        type: 2}
      propertyPath: m_Pivot.x
      value: 0.5
      objectReference: {fileID: 0}
    - target: {fileID: 224768795586167810, guid: 2ea99dcf7f2cafb418d665401937a9c6,
        type: 2}
      propertyPath: m_Pivot.y
      value: 0.5
      objectReference: {fileID: 0}
    - target: {fileID: 224725113089214016, guid: 2ea99dcf7f2cafb418d665401937a9c6,
        type: 2}
      propertyPath: m_LocalPosition.y
      value: 1257.4008
      objectReference: {fileID: 0}
    - target: {fileID: 224408315583508678, guid: 2ea99dcf7f2cafb418d665401937a9c6,
        type: 2}
      propertyPath: m_LocalPosition.x
      value: -490
      objectReference: {fileID: 0}
    m_RemovedComponents: []
  m_ParentPrefab: {fileID: 100100000, guid: 2ea99dcf7f2cafb418d665401937a9c6, type: 2}
  m_IsPrefabParent: 0
--- !u!1001 &337616669
Prefab:
  m_ObjectHideFlags: 0
  serializedVersion: 2
  m_Modification:
    m_TransformParent: {fileID: 1445182525}
    m_Modifications:
    - target: {fileID: 224615739595656954, guid: 04a54b69ada2d7d4ba18378b434f2f69,
        type: 2}
      propertyPath: m_LocalPosition.x
      value: 0
      objectReference: {fileID: 0}
    - target: {fileID: 224615739595656954, guid: 04a54b69ada2d7d4ba18378b434f2f69,
        type: 2}
      propertyPath: m_LocalPosition.y
      value: 0
      objectReference: {fileID: 0}
    - target: {fileID: 224615739595656954, guid: 04a54b69ada2d7d4ba18378b434f2f69,
        type: 2}
      propertyPath: m_LocalPosition.z
      value: 0
      objectReference: {fileID: 0}
    - target: {fileID: 224615739595656954, guid: 04a54b69ada2d7d4ba18378b434f2f69,
        type: 2}
      propertyPath: m_LocalRotation.x
      value: -0
      objectReference: {fileID: 0}
    - target: {fileID: 224615739595656954, guid: 04a54b69ada2d7d4ba18378b434f2f69,
        type: 2}
      propertyPath: m_LocalRotation.y
      value: -0
      objectReference: {fileID: 0}
    - target: {fileID: 224615739595656954, guid: 04a54b69ada2d7d4ba18378b434f2f69,
        type: 2}
      propertyPath: m_LocalRotation.z
      value: -0
      objectReference: {fileID: 0}
    - target: {fileID: 224615739595656954, guid: 04a54b69ada2d7d4ba18378b434f2f69,
        type: 2}
      propertyPath: m_LocalRotation.w
      value: 1
      objectReference: {fileID: 0}
    - target: {fileID: 224615739595656954, guid: 04a54b69ada2d7d4ba18378b434f2f69,
        type: 2}
      propertyPath: m_RootOrder
      value: 6
      objectReference: {fileID: 0}
    - target: {fileID: 224615739595656954, guid: 04a54b69ada2d7d4ba18378b434f2f69,
        type: 2}
      propertyPath: m_AnchoredPosition.x
      value: 0
      objectReference: {fileID: 0}
    - target: {fileID: 224615739595656954, guid: 04a54b69ada2d7d4ba18378b434f2f69,
        type: 2}
      propertyPath: m_AnchoredPosition.y
      value: 0
      objectReference: {fileID: 0}
    - target: {fileID: 224615739595656954, guid: 04a54b69ada2d7d4ba18378b434f2f69,
        type: 2}
      propertyPath: m_SizeDelta.x
      value: 0
      objectReference: {fileID: 0}
    - target: {fileID: 224615739595656954, guid: 04a54b69ada2d7d4ba18378b434f2f69,
        type: 2}
      propertyPath: m_SizeDelta.y
      value: 0
      objectReference: {fileID: 0}
    - target: {fileID: 224615739595656954, guid: 04a54b69ada2d7d4ba18378b434f2f69,
        type: 2}
      propertyPath: m_AnchorMin.x
      value: 0
      objectReference: {fileID: 0}
    - target: {fileID: 224615739595656954, guid: 04a54b69ada2d7d4ba18378b434f2f69,
        type: 2}
      propertyPath: m_AnchorMin.y
      value: 0
      objectReference: {fileID: 0}
    - target: {fileID: 224615739595656954, guid: 04a54b69ada2d7d4ba18378b434f2f69,
        type: 2}
      propertyPath: m_AnchorMax.x
      value: 1
      objectReference: {fileID: 0}
    - target: {fileID: 224615739595656954, guid: 04a54b69ada2d7d4ba18378b434f2f69,
        type: 2}
      propertyPath: m_AnchorMax.y
      value: 1
      objectReference: {fileID: 0}
    - target: {fileID: 224615739595656954, guid: 04a54b69ada2d7d4ba18378b434f2f69,
        type: 2}
      propertyPath: m_Pivot.x
      value: 0.5
      objectReference: {fileID: 0}
    - target: {fileID: 224615739595656954, guid: 04a54b69ada2d7d4ba18378b434f2f69,
        type: 2}
      propertyPath: m_Pivot.y
      value: 0.5
      objectReference: {fileID: 0}
    - target: {fileID: 224950010377654090, guid: 04a54b69ada2d7d4ba18378b434f2f69,
        type: 2}
      propertyPath: m_LocalPosition.x
      value: -490
      objectReference: {fileID: 0}
    - target: {fileID: 224158717253476308, guid: 04a54b69ada2d7d4ba18378b434f2f69,
        type: 2}
      propertyPath: m_LocalPosition.y
      value: 1257.4008
      objectReference: {fileID: 0}
    m_RemovedComponents: []
  m_ParentPrefab: {fileID: 100100000, guid: 04a54b69ada2d7d4ba18378b434f2f69, type: 2}
  m_IsPrefabParent: 0
--- !u!224 &337616670 stripped
RectTransform:
  m_PrefabParentObject: {fileID: 224615739595656954, guid: 04a54b69ada2d7d4ba18378b434f2f69,
    type: 2}
  m_PrefabInternal: {fileID: 337616669}
--- !u!224 &398974123 stripped
RectTransform:
  m_PrefabParentObject: {fileID: 224125820669058898, guid: 492fef50cdbfe744cb0947a03d0f4404,
    type: 2}
  m_PrefabInternal: {fileID: 1152114869}
--- !u!224 &460108639 stripped
RectTransform:
  m_PrefabParentObject: {fileID: 224207245733947352, guid: 06dd8582372b545488b4138fb1bf5351,
    type: 2}
  m_PrefabInternal: {fileID: 1139475673}
--- !u!224 &577235458 stripped
RectTransform:
  m_PrefabParentObject: {fileID: 224597579681159072, guid: 067925e5916e4cf478503e86c7faadc5,
    type: 2}
  m_PrefabInternal: {fileID: 1361148405}
--- !u!224 &670577634 stripped
RectTransform:
  m_PrefabParentObject: {fileID: 224725872806095810, guid: e4b52ff7a291a486f8e759e47263a260,
    type: 2}
  m_PrefabInternal: {fileID: 764090935}
--- !u!1001 &764090935
Prefab:
  m_ObjectHideFlags: 0
  serializedVersion: 2
  m_Modification:
    m_TransformParent: {fileID: 1445182525}
    m_Modifications:
    - target: {fileID: 224725872806095810, guid: e4b52ff7a291a486f8e759e47263a260,
        type: 2}
      propertyPath: m_LocalPosition.x
      value: 0
      objectReference: {fileID: 0}
    - target: {fileID: 224725872806095810, guid: e4b52ff7a291a486f8e759e47263a260,
        type: 2}
      propertyPath: m_LocalPosition.y
      value: 0
      objectReference: {fileID: 0}
    - target: {fileID: 224725872806095810, guid: e4b52ff7a291a486f8e759e47263a260,
        type: 2}
      propertyPath: m_LocalPosition.z
      value: 0
      objectReference: {fileID: 0}
    - target: {fileID: 224725872806095810, guid: e4b52ff7a291a486f8e759e47263a260,
        type: 2}
      propertyPath: m_LocalRotation.x
      value: 0
      objectReference: {fileID: 0}
    - target: {fileID: 224725872806095810, guid: e4b52ff7a291a486f8e759e47263a260,
        type: 2}
      propertyPath: m_LocalRotation.y
      value: 0
      objectReference: {fileID: 0}
    - target: {fileID: 224725872806095810, guid: e4b52ff7a291a486f8e759e47263a260,
        type: 2}
      propertyPath: m_LocalRotation.z
      value: 0
      objectReference: {fileID: 0}
    - target: {fileID: 224725872806095810, guid: e4b52ff7a291a486f8e759e47263a260,
        type: 2}
      propertyPath: m_LocalRotation.w
      value: 1
      objectReference: {fileID: 0}
    - target: {fileID: 224725872806095810, guid: e4b52ff7a291a486f8e759e47263a260,
        type: 2}
      propertyPath: m_RootOrder
      value: 0
      objectReference: {fileID: 0}
    - target: {fileID: 224725872806095810, guid: e4b52ff7a291a486f8e759e47263a260,
        type: 2}
      propertyPath: m_AnchoredPosition.x
      value: 0
      objectReference: {fileID: 0}
    - target: {fileID: 224725872806095810, guid: e4b52ff7a291a486f8e759e47263a260,
        type: 2}
      propertyPath: m_AnchoredPosition.y
      value: 0
      objectReference: {fileID: 0}
    - target: {fileID: 224725872806095810, guid: e4b52ff7a291a486f8e759e47263a260,
        type: 2}
      propertyPath: m_SizeDelta.x
      value: 0
      objectReference: {fileID: 0}
    - target: {fileID: 224725872806095810, guid: e4b52ff7a291a486f8e759e47263a260,
        type: 2}
      propertyPath: m_SizeDelta.y
      value: 0
      objectReference: {fileID: 0}
    - target: {fileID: 224725872806095810, guid: e4b52ff7a291a486f8e759e47263a260,
        type: 2}
      propertyPath: m_AnchorMin.x
      value: 0
      objectReference: {fileID: 0}
    - target: {fileID: 224725872806095810, guid: e4b52ff7a291a486f8e759e47263a260,
        type: 2}
      propertyPath: m_AnchorMin.y
      value: 0
      objectReference: {fileID: 0}
    - target: {fileID: 224725872806095810, guid: e4b52ff7a291a486f8e759e47263a260,
        type: 2}
      propertyPath: m_AnchorMax.x
      value: 1
      objectReference: {fileID: 0}
    - target: {fileID: 224725872806095810, guid: e4b52ff7a291a486f8e759e47263a260,
        type: 2}
      propertyPath: m_AnchorMax.y
      value: 1
      objectReference: {fileID: 0}
    - target: {fileID: 224725872806095810, guid: e4b52ff7a291a486f8e759e47263a260,
        type: 2}
      propertyPath: m_Pivot.x
      value: 0.5
      objectReference: {fileID: 0}
    - target: {fileID: 224725872806095810, guid: e4b52ff7a291a486f8e759e47263a260,
        type: 2}
      propertyPath: m_Pivot.y
      value: 0.5
      objectReference: {fileID: 0}
    m_RemovedComponents: []
  m_ParentPrefab: {fileID: 100100000, guid: e4b52ff7a291a486f8e759e47263a260, type: 2}
  m_IsPrefabParent: 0
--- !u!224 &830873821 stripped
RectTransform:
  m_PrefabParentObject: {fileID: 224621349357899402, guid: f5e270ef7149f1a4aade4a4695c6eec2,
    type: 2}
  m_PrefabInternal: {fileID: 60481547}
--- !u!1001 &886981597
Prefab:
  m_ObjectHideFlags: 0
  serializedVersion: 2
  m_Modification:
    m_TransformParent: {fileID: 1445182525}
    m_Modifications:
    - target: {fileID: 224810976332384230, guid: d972400c0b32a97469f6e60eca283ee7,
        type: 2}
      propertyPath: m_LocalPosition.x
      value: 0
      objectReference: {fileID: 0}
    - target: {fileID: 224810976332384230, guid: d972400c0b32a97469f6e60eca283ee7,
        type: 2}
      propertyPath: m_LocalPosition.y
      value: 0
      objectReference: {fileID: 0}
    - target: {fileID: 224810976332384230, guid: d972400c0b32a97469f6e60eca283ee7,
        type: 2}
      propertyPath: m_LocalPosition.z
      value: 0
      objectReference: {fileID: 0}
    - target: {fileID: 224810976332384230, guid: d972400c0b32a97469f6e60eca283ee7,
        type: 2}
      propertyPath: m_LocalRotation.x
      value: -0
      objectReference: {fileID: 0}
    - target: {fileID: 224810976332384230, guid: d972400c0b32a97469f6e60eca283ee7,
        type: 2}
      propertyPath: m_LocalRotation.y
      value: -0
      objectReference: {fileID: 0}
    - target: {fileID: 224810976332384230, guid: d972400c0b32a97469f6e60eca283ee7,
        type: 2}
      propertyPath: m_LocalRotation.z
      value: -0
      objectReference: {fileID: 0}
    - target: {fileID: 224810976332384230, guid: d972400c0b32a97469f6e60eca283ee7,
        type: 2}
      propertyPath: m_LocalRotation.w
      value: 1
      objectReference: {fileID: 0}
    - target: {fileID: 224810976332384230, guid: d972400c0b32a97469f6e60eca283ee7,
        type: 2}
      propertyPath: m_RootOrder
      value: 9
      objectReference: {fileID: 0}
    - target: {fileID: 224810976332384230, guid: d972400c0b32a97469f6e60eca283ee7,
        type: 2}
      propertyPath: m_AnchoredPosition.x
      value: 0
      objectReference: {fileID: 0}
    - target: {fileID: 224810976332384230, guid: d972400c0b32a97469f6e60eca283ee7,
        type: 2}
      propertyPath: m_AnchoredPosition.y
      value: 0
      objectReference: {fileID: 0}
    - target: {fileID: 224810976332384230, guid: d972400c0b32a97469f6e60eca283ee7,
        type: 2}
      propertyPath: m_SizeDelta.x
      value: 0
      objectReference: {fileID: 0}
    - target: {fileID: 224810976332384230, guid: d972400c0b32a97469f6e60eca283ee7,
        type: 2}
      propertyPath: m_SizeDelta.y
      value: 0
      objectReference: {fileID: 0}
    - target: {fileID: 224810976332384230, guid: d972400c0b32a97469f6e60eca283ee7,
        type: 2}
      propertyPath: m_AnchorMin.x
      value: 0
      objectReference: {fileID: 0}
    - target: {fileID: 224810976332384230, guid: d972400c0b32a97469f6e60eca283ee7,
        type: 2}
      propertyPath: m_AnchorMin.y
      value: 0
      objectReference: {fileID: 0}
    - target: {fileID: 224810976332384230, guid: d972400c0b32a97469f6e60eca283ee7,
        type: 2}
      propertyPath: m_AnchorMax.x
      value: 1
      objectReference: {fileID: 0}
    - target: {fileID: 224810976332384230, guid: d972400c0b32a97469f6e60eca283ee7,
        type: 2}
      propertyPath: m_AnchorMax.y
      value: 1
      objectReference: {fileID: 0}
    - target: {fileID: 224810976332384230, guid: d972400c0b32a97469f6e60eca283ee7,
        type: 2}
      propertyPath: m_Pivot.x
      value: 0.5
      objectReference: {fileID: 0}
    - target: {fileID: 224810976332384230, guid: d972400c0b32a97469f6e60eca283ee7,
        type: 2}
      propertyPath: m_Pivot.y
      value: 0.5
      objectReference: {fileID: 0}
    - target: {fileID: 224601439042903500, guid: d972400c0b32a97469f6e60eca283ee7,
        type: 2}
      propertyPath: m_LocalPosition.y
      value: 1657.0398
      objectReference: {fileID: 0}
    - target: {fileID: 224448913662068950, guid: d972400c0b32a97469f6e60eca283ee7,
        type: 2}
      propertyPath: m_LocalPosition.y
      value: -1657.0398
      objectReference: {fileID: 0}
    - target: {fileID: 224270277477080462, guid: d972400c0b32a97469f6e60eca283ee7,
        type: 2}
      propertyPath: m_LocalPosition.x
      value: -490
      objectReference: {fileID: 0}
    m_RemovedComponents: []
  m_ParentPrefab: {fileID: 100100000, guid: d972400c0b32a97469f6e60eca283ee7, type: 2}
  m_IsPrefabParent: 0
--- !u!224 &985745453 stripped
RectTransform:
  m_PrefabParentObject: {fileID: 224722482024143100, guid: b40fb8730108b464d83cba50966d499b,
    type: 2}
  m_PrefabInternal: {fileID: 1744263648}
--- !u!1001 &1139475673
Prefab:
  m_ObjectHideFlags: 0
  serializedVersion: 2
  m_Modification:
    m_TransformParent: {fileID: 1445182525}
    m_Modifications:
    - target: {fileID: 224207245733947352, guid: 06dd8582372b545488b4138fb1bf5351,
        type: 2}
      propertyPath: m_LocalPosition.x
      value: 0
      objectReference: {fileID: 0}
    - target: {fileID: 224207245733947352, guid: 06dd8582372b545488b4138fb1bf5351,
        type: 2}
      propertyPath: m_LocalPosition.y
      value: 0
      objectReference: {fileID: 0}
    - target: {fileID: 224207245733947352, guid: 06dd8582372b545488b4138fb1bf5351,
        type: 2}
      propertyPath: m_LocalPosition.z
      value: 0
      objectReference: {fileID: 0}
    - target: {fileID: 224207245733947352, guid: 06dd8582372b545488b4138fb1bf5351,
        type: 2}
      propertyPath: m_LocalRotation.x
      value: -0
      objectReference: {fileID: 0}
    - target: {fileID: 224207245733947352, guid: 06dd8582372b545488b4138fb1bf5351,
        type: 2}
      propertyPath: m_LocalRotation.y
      value: -0
      objectReference: {fileID: 0}
    - target: {fileID: 224207245733947352, guid: 06dd8582372b545488b4138fb1bf5351,
        type: 2}
      propertyPath: m_LocalRotation.z
      value: -0
      objectReference: {fileID: 0}
    - target: {fileID: 224207245733947352, guid: 06dd8582372b545488b4138fb1bf5351,
        type: 2}
      propertyPath: m_LocalRotation.w
      value: 1
      objectReference: {fileID: 0}
    - target: {fileID: 224207245733947352, guid: 06dd8582372b545488b4138fb1bf5351,
        type: 2}
      propertyPath: m_RootOrder
      value: 4
      objectReference: {fileID: 0}
    - target: {fileID: 224207245733947352, guid: 06dd8582372b545488b4138fb1bf5351,
        type: 2}
      propertyPath: m_AnchoredPosition.x
      value: 0
      objectReference: {fileID: 0}
    - target: {fileID: 224207245733947352, guid: 06dd8582372b545488b4138fb1bf5351,
        type: 2}
      propertyPath: m_AnchoredPosition.y
      value: 0
      objectReference: {fileID: 0}
    - target: {fileID: 224207245733947352, guid: 06dd8582372b545488b4138fb1bf5351,
        type: 2}
      propertyPath: m_SizeDelta.x
      value: 0
      objectReference: {fileID: 0}
    - target: {fileID: 224207245733947352, guid: 06dd8582372b545488b4138fb1bf5351,
        type: 2}
      propertyPath: m_SizeDelta.y
      value: 0
      objectReference: {fileID: 0}
    - target: {fileID: 224207245733947352, guid: 06dd8582372b545488b4138fb1bf5351,
        type: 2}
      propertyPath: m_AnchorMin.x
      value: 0
      objectReference: {fileID: 0}
    - target: {fileID: 224207245733947352, guid: 06dd8582372b545488b4138fb1bf5351,
        type: 2}
      propertyPath: m_AnchorMin.y
      value: 0
      objectReference: {fileID: 0}
    - target: {fileID: 224207245733947352, guid: 06dd8582372b545488b4138fb1bf5351,
        type: 2}
      propertyPath: m_AnchorMax.x
      value: 1
      objectReference: {fileID: 0}
    - target: {fileID: 224207245733947352, guid: 06dd8582372b545488b4138fb1bf5351,
        type: 2}
      propertyPath: m_AnchorMax.y
      value: 1
      objectReference: {fileID: 0}
    - target: {fileID: 224207245733947352, guid: 06dd8582372b545488b4138fb1bf5351,
        type: 2}
      propertyPath: m_Pivot.x
      value: 0.5
      objectReference: {fileID: 0}
    - target: {fileID: 224207245733947352, guid: 06dd8582372b545488b4138fb1bf5351,
        type: 2}
      propertyPath: m_Pivot.y
      value: 0.5
      objectReference: {fileID: 0}
    - target: {fileID: 224406385993107430, guid: 06dd8582372b545488b4138fb1bf5351,
        type: 2}
      propertyPath: m_LocalPosition.y
      value: 1469.8917
      objectReference: {fileID: 0}
    - target: {fileID: 224178955545186938, guid: 06dd8582372b545488b4138fb1bf5351,
        type: 2}
      propertyPath: m_LocalPosition.x
      value: 521.5
      objectReference: {fileID: 0}
    - target: {fileID: 224178955545186938, guid: 06dd8582372b545488b4138fb1bf5351,
        type: 2}
      propertyPath: m_LocalPosition.y
      value: -1451.3917
      objectReference: {fileID: 0}
    - target: {fileID: 224500347564757434, guid: 06dd8582372b545488b4138fb1bf5351,
        type: 2}
      propertyPath: m_LocalPosition.x
      value: -513.63
      objectReference: {fileID: 0}
    - target: {fileID: 224611137366683542, guid: 06dd8582372b545488b4138fb1bf5351,
        type: 2}
      propertyPath: m_LocalPosition.x
      value: 521.4999
      objectReference: {fileID: 0}
    - target: {fileID: 224611137366683542, guid: 06dd8582372b545488b4138fb1bf5351,
        type: 2}
      propertyPath: m_LocalPosition.y
      value: -1451.3917
      objectReference: {fileID: 0}
    - target: {fileID: 224832868226553090, guid: 06dd8582372b545488b4138fb1bf5351,
        type: 2}
      propertyPath: m_LocalPosition.x
      value: 521.49976
      objectReference: {fileID: 0}
    - target: {fileID: 224832868226553090, guid: 06dd8582372b545488b4138fb1bf5351,
        type: 2}
      propertyPath: m_LocalPosition.y
      value: 7.25
      objectReference: {fileID: 0}
    - target: {fileID: 224832868226553090, guid: 06dd8582372b545488b4138fb1bf5351,
        type: 2}
      propertyPath: m_AnchoredPosition.x
      value: -18.500244
      objectReference: {fileID: 0}
    m_RemovedComponents: []
  m_ParentPrefab: {fileID: 100100000, guid: 06dd8582372b545488b4138fb1bf5351, type: 2}
  m_IsPrefabParent: 0
--- !u!1001 &1152114869
Prefab:
  m_ObjectHideFlags: 0
  serializedVersion: 2
  m_Modification:
    m_TransformParent: {fileID: 1445182525}
    m_Modifications:
    - target: {fileID: 224125820669058898, guid: 492fef50cdbfe744cb0947a03d0f4404,
        type: 2}
      propertyPath: m_LocalPosition.x
      value: 0
      objectReference: {fileID: 0}
    - target: {fileID: 224125820669058898, guid: 492fef50cdbfe744cb0947a03d0f4404,
        type: 2}
      propertyPath: m_LocalPosition.y
      value: 0
      objectReference: {fileID: 0}
    - target: {fileID: 224125820669058898, guid: 492fef50cdbfe744cb0947a03d0f4404,
        type: 2}
      propertyPath: m_LocalPosition.z
      value: 0
      objectReference: {fileID: 0}
    - target: {fileID: 224125820669058898, guid: 492fef50cdbfe744cb0947a03d0f4404,
        type: 2}
      propertyPath: m_LocalRotation.x
      value: -0
      objectReference: {fileID: 0}
    - target: {fileID: 224125820669058898, guid: 492fef50cdbfe744cb0947a03d0f4404,
        type: 2}
      propertyPath: m_LocalRotation.y
      value: -0
      objectReference: {fileID: 0}
    - target: {fileID: 224125820669058898, guid: 492fef50cdbfe744cb0947a03d0f4404,
        type: 2}
      propertyPath: m_LocalRotation.z
      value: -0
      objectReference: {fileID: 0}
    - target: {fileID: 224125820669058898, guid: 492fef50cdbfe744cb0947a03d0f4404,
        type: 2}
      propertyPath: m_LocalRotation.w
      value: 1
      objectReference: {fileID: 0}
    - target: {fileID: 224125820669058898, guid: 492fef50cdbfe744cb0947a03d0f4404,
        type: 2}
      propertyPath: m_RootOrder
      value: 12
      objectReference: {fileID: 0}
    - target: {fileID: 224125820669058898, guid: 492fef50cdbfe744cb0947a03d0f4404,
        type: 2}
      propertyPath: m_AnchoredPosition.x
      value: 0
      objectReference: {fileID: 0}
    - target: {fileID: 224125820669058898, guid: 492fef50cdbfe744cb0947a03d0f4404,
        type: 2}
      propertyPath: m_AnchoredPosition.y
      value: 0
      objectReference: {fileID: 0}
    - target: {fileID: 224125820669058898, guid: 492fef50cdbfe744cb0947a03d0f4404,
        type: 2}
      propertyPath: m_SizeDelta.x
      value: 0
      objectReference: {fileID: 0}
    - target: {fileID: 224125820669058898, guid: 492fef50cdbfe744cb0947a03d0f4404,
        type: 2}
      propertyPath: m_SizeDelta.y
      value: 0
      objectReference: {fileID: 0}
    - target: {fileID: 224125820669058898, guid: 492fef50cdbfe744cb0947a03d0f4404,
        type: 2}
      propertyPath: m_AnchorMin.x
      value: 0
      objectReference: {fileID: 0}
    - target: {fileID: 224125820669058898, guid: 492fef50cdbfe744cb0947a03d0f4404,
        type: 2}
      propertyPath: m_AnchorMin.y
      value: 0
      objectReference: {fileID: 0}
    - target: {fileID: 224125820669058898, guid: 492fef50cdbfe744cb0947a03d0f4404,
        type: 2}
      propertyPath: m_AnchorMax.x
      value: 1
      objectReference: {fileID: 0}
    - target: {fileID: 224125820669058898, guid: 492fef50cdbfe744cb0947a03d0f4404,
        type: 2}
      propertyPath: m_AnchorMax.y
      value: 1
      objectReference: {fileID: 0}
    - target: {fileID: 224125820669058898, guid: 492fef50cdbfe744cb0947a03d0f4404,
        type: 2}
      propertyPath: m_Pivot.x
      value: 0.5
      objectReference: {fileID: 0}
    - target: {fileID: 224125820669058898, guid: 492fef50cdbfe744cb0947a03d0f4404,
        type: 2}
      propertyPath: m_Pivot.y
      value: 0.5
      objectReference: {fileID: 0}
    m_RemovedComponents: []
  m_ParentPrefab: {fileID: 100100000, guid: 492fef50cdbfe744cb0947a03d0f4404, type: 2}
  m_IsPrefabParent: 0
--- !u!1001 &1361148405
Prefab:
  m_ObjectHideFlags: 0
  serializedVersion: 2
  m_Modification:
    m_TransformParent: {fileID: 1445182525}
    m_Modifications:
    - target: {fileID: 224597579681159072, guid: 067925e5916e4cf478503e86c7faadc5,
        type: 2}
      propertyPath: m_LocalPosition.x
      value: 0
      objectReference: {fileID: 0}
    - target: {fileID: 224597579681159072, guid: 067925e5916e4cf478503e86c7faadc5,
        type: 2}
      propertyPath: m_LocalPosition.y
      value: 0
      objectReference: {fileID: 0}
    - target: {fileID: 224597579681159072, guid: 067925e5916e4cf478503e86c7faadc5,
        type: 2}
      propertyPath: m_LocalPosition.z
      value: 0
      objectReference: {fileID: 0}
    - target: {fileID: 224597579681159072, guid: 067925e5916e4cf478503e86c7faadc5,
        type: 2}
      propertyPath: m_LocalRotation.x
      value: 0
      objectReference: {fileID: 0}
    - target: {fileID: 224597579681159072, guid: 067925e5916e4cf478503e86c7faadc5,
        type: 2}
      propertyPath: m_LocalRotation.y
      value: 0
      objectReference: {fileID: 0}
    - target: {fileID: 224597579681159072, guid: 067925e5916e4cf478503e86c7faadc5,
        type: 2}
      propertyPath: m_LocalRotation.z
      value: 0
      objectReference: {fileID: 0}
    - target: {fileID: 224597579681159072, guid: 067925e5916e4cf478503e86c7faadc5,
        type: 2}
      propertyPath: m_LocalRotation.w
      value: 1
      objectReference: {fileID: 0}
    - target: {fileID: 224597579681159072, guid: 067925e5916e4cf478503e86c7faadc5,
        type: 2}
      propertyPath: m_RootOrder
      value: 3
      objectReference: {fileID: 0}
    - target: {fileID: 224597579681159072, guid: 067925e5916e4cf478503e86c7faadc5,
        type: 2}
      propertyPath: m_AnchoredPosition.x
      value: 0
      objectReference: {fileID: 0}
    - target: {fileID: 224597579681159072, guid: 067925e5916e4cf478503e86c7faadc5,
        type: 2}
      propertyPath: m_AnchoredPosition.y
      value: 0
      objectReference: {fileID: 0}
    - target: {fileID: 224597579681159072, guid: 067925e5916e4cf478503e86c7faadc5,
        type: 2}
      propertyPath: m_SizeDelta.x
      value: 0
      objectReference: {fileID: 0}
    - target: {fileID: 224597579681159072, guid: 067925e5916e4cf478503e86c7faadc5,
        type: 2}
      propertyPath: m_SizeDelta.y
      value: 0
      objectReference: {fileID: 0}
    - target: {fileID: 224597579681159072, guid: 067925e5916e4cf478503e86c7faadc5,
        type: 2}
      propertyPath: m_AnchorMin.x
      value: 0
      objectReference: {fileID: 0}
    - target: {fileID: 224597579681159072, guid: 067925e5916e4cf478503e86c7faadc5,
        type: 2}
      propertyPath: m_AnchorMin.y
      value: 0
      objectReference: {fileID: 0}
    - target: {fileID: 224597579681159072, guid: 067925e5916e4cf478503e86c7faadc5,
        type: 2}
      propertyPath: m_AnchorMax.x
      value: 1
      objectReference: {fileID: 0}
    - target: {fileID: 224597579681159072, guid: 067925e5916e4cf478503e86c7faadc5,
        type: 2}
      propertyPath: m_AnchorMax.y
      value: 1
      objectReference: {fileID: 0}
    - target: {fileID: 224597579681159072, guid: 067925e5916e4cf478503e86c7faadc5,
        type: 2}
      propertyPath: m_Pivot.x
      value: 0.5
      objectReference: {fileID: 0}
    - target: {fileID: 224597579681159072, guid: 067925e5916e4cf478503e86c7faadc5,
        type: 2}
      propertyPath: m_Pivot.y
      value: 0.5
      objectReference: {fileID: 0}
    - target: {fileID: 224909848259375876, guid: 067925e5916e4cf478503e86c7faadc5,
        type: 2}
      propertyPath: m_LocalPosition.x
      value: -490
      objectReference: {fileID: 0}
    - target: {fileID: 224210216844699492, guid: 067925e5916e4cf478503e86c7faadc5,
        type: 2}
      propertyPath: m_LocalPosition.y
      value: 1500
      objectReference: {fileID: 0}
    - target: {fileID: 114673319726176080, guid: 067925e5916e4cf478503e86c7faadc5,
        type: 2}
      propertyPath: e_qrController
      value: 
      objectReference: {fileID: 190855608}
    m_RemovedComponents: []
  m_ParentPrefab: {fileID: 100100000, guid: 067925e5916e4cf478503e86c7faadc5, type: 2}
  m_IsPrefabParent: 0
--- !u!1001 &1438860514
Prefab:
  m_ObjectHideFlags: 0
  serializedVersion: 2
  m_Modification:
    m_TransformParent: {fileID: 1445182525}
    m_Modifications:
    - target: {fileID: 224313781870833302, guid: c31890e07b94f5a4caba17b6049cc9a5,
        type: 2}
      propertyPath: m_LocalPosition.x
      value: 0
      objectReference: {fileID: 0}
    - target: {fileID: 224313781870833302, guid: c31890e07b94f5a4caba17b6049cc9a5,
        type: 2}
      propertyPath: m_LocalPosition.y
      value: 0
      objectReference: {fileID: 0}
    - target: {fileID: 224313781870833302, guid: c31890e07b94f5a4caba17b6049cc9a5,
        type: 2}
      propertyPath: m_LocalPosition.z
      value: 0
      objectReference: {fileID: 0}
    - target: {fileID: 224313781870833302, guid: c31890e07b94f5a4caba17b6049cc9a5,
        type: 2}
      propertyPath: m_LocalRotation.x
      value: -0
      objectReference: {fileID: 0}
    - target: {fileID: 224313781870833302, guid: c31890e07b94f5a4caba17b6049cc9a5,
        type: 2}
      propertyPath: m_LocalRotation.y
      value: -0
      objectReference: {fileID: 0}
    - target: {fileID: 224313781870833302, guid: c31890e07b94f5a4caba17b6049cc9a5,
        type: 2}
      propertyPath: m_LocalRotation.z
      value: -0
      objectReference: {fileID: 0}
    - target: {fileID: 224313781870833302, guid: c31890e07b94f5a4caba17b6049cc9a5,
        type: 2}
      propertyPath: m_LocalRotation.w
      value: 1
      objectReference: {fileID: 0}
    - target: {fileID: 224313781870833302, guid: c31890e07b94f5a4caba17b6049cc9a5,
        type: 2}
      propertyPath: m_RootOrder
      value: 11
      objectReference: {fileID: 0}
    - target: {fileID: 224313781870833302, guid: c31890e07b94f5a4caba17b6049cc9a5,
        type: 2}
      propertyPath: m_AnchoredPosition.x
      value: 0
      objectReference: {fileID: 0}
    - target: {fileID: 224313781870833302, guid: c31890e07b94f5a4caba17b6049cc9a5,
        type: 2}
      propertyPath: m_AnchoredPosition.y
      value: 0
      objectReference: {fileID: 0}
    - target: {fileID: 224313781870833302, guid: c31890e07b94f5a4caba17b6049cc9a5,
        type: 2}
      propertyPath: m_SizeDelta.x
      value: 0
      objectReference: {fileID: 0}
    - target: {fileID: 224313781870833302, guid: c31890e07b94f5a4caba17b6049cc9a5,
        type: 2}
      propertyPath: m_SizeDelta.y
      value: 0
      objectReference: {fileID: 0}
    - target: {fileID: 224313781870833302, guid: c31890e07b94f5a4caba17b6049cc9a5,
        type: 2}
      propertyPath: m_AnchorMin.x
      value: 0
      objectReference: {fileID: 0}
    - target: {fileID: 224313781870833302, guid: c31890e07b94f5a4caba17b6049cc9a5,
        type: 2}
      propertyPath: m_AnchorMin.y
      value: 0
      objectReference: {fileID: 0}
    - target: {fileID: 224313781870833302, guid: c31890e07b94f5a4caba17b6049cc9a5,
        type: 2}
      propertyPath: m_AnchorMax.x
      value: 1
      objectReference: {fileID: 0}
    - target: {fileID: 224313781870833302, guid: c31890e07b94f5a4caba17b6049cc9a5,
        type: 2}
      propertyPath: m_AnchorMax.y
      value: 1
      objectReference: {fileID: 0}
    - target: {fileID: 224313781870833302, guid: c31890e07b94f5a4caba17b6049cc9a5,
        type: 2}
      propertyPath: m_Pivot.x
      value: 0.5
      objectReference: {fileID: 0}
    - target: {fileID: 224313781870833302, guid: c31890e07b94f5a4caba17b6049cc9a5,
        type: 2}
      propertyPath: m_Pivot.y
      value: 0.5
      objectReference: {fileID: 0}
    - target: {fileID: 224677405578198104, guid: c31890e07b94f5a4caba17b6049cc9a5,
        type: 2}
      propertyPath: m_LocalPosition.y
      value: 1657.0398
      objectReference: {fileID: 0}
    - target: {fileID: 224304181209520304, guid: c31890e07b94f5a4caba17b6049cc9a5,
        type: 2}
      propertyPath: m_LocalPosition.x
      value: -1440
      objectReference: {fileID: 0}
    - target: {fileID: 224160000299914186, guid: c31890e07b94f5a4caba17b6049cc9a5,
        type: 2}
      propertyPath: m_LocalPosition.x
      value: -1440
      objectReference: {fileID: 0}
    - target: {fileID: 224013575679683392, guid: c31890e07b94f5a4caba17b6049cc9a5,
        type: 2}
      propertyPath: m_LocalPosition.y
      value: -1611.8398
      objectReference: {fileID: 0}
    - target: {fileID: 224041182038703298, guid: c31890e07b94f5a4caba17b6049cc9a5,
        type: 2}
      propertyPath: m_LocalPosition.x
      value: -540
      objectReference: {fileID: 0}
    m_RemovedComponents: []
  m_ParentPrefab: {fileID: 100100000, guid: c31890e07b94f5a4caba17b6049cc9a5, type: 2}
  m_IsPrefabParent: 0
--- !u!1 &1445182521
GameObject:
  m_ObjectHideFlags: 0
  m_PrefabParentObject: {fileID: 0}
  m_PrefabInternal: {fileID: 0}
  serializedVersion: 5
  m_Component:
  - component: {fileID: 1445182525}
  - component: {fileID: 1445182524}
  - component: {fileID: 1445182523}
  - component: {fileID: 1445182522}
  m_Layer: 5
  m_Name: Canvas
  m_TagString: Untagged
  m_Icon: {fileID: 0}
  m_NavMeshLayer: 0
  m_StaticEditorFlags: 0
  m_IsActive: 1
--- !u!114 &1445182522
MonoBehaviour:
  m_ObjectHideFlags: 0
  m_PrefabParentObject: {fileID: 0}
  m_PrefabInternal: {fileID: 0}
  m_GameObject: {fileID: 1445182521}
  m_Enabled: 1
  m_EditorHideFlags: 0
  m_Script: {fileID: 1301386320, guid: f70555f144d8491a825f0804e09c671c, type: 3}
  m_Name: 
  m_EditorClassIdentifier: 
  m_IgnoreReversedGraphics: 1
  m_BlockingObjects: 0
  m_BlockingMask:
    serializedVersion: 2
    m_Bits: 4294967295
--- !u!114 &1445182523
MonoBehaviour:
  m_ObjectHideFlags: 0
  m_PrefabParentObject: {fileID: 0}
  m_PrefabInternal: {fileID: 0}
  m_GameObject: {fileID: 1445182521}
  m_Enabled: 1
  m_EditorHideFlags: 0
  m_Script: {fileID: 1980459831, guid: f70555f144d8491a825f0804e09c671c, type: 3}
  m_Name: 
  m_EditorClassIdentifier: 
  m_UiScaleMode: 1
  m_ReferencePixelsPerUnit: 100
  m_ScaleFactor: 1
  m_ReferenceResolution: {x: 1080, y: 1920}
  m_ScreenMatchMode: 0
  m_MatchWidthOrHeight: 0
  m_PhysicalUnit: 3
  m_FallbackScreenDPI: 96
  m_DefaultSpriteDPI: 96
  m_DynamicPixelsPerUnit: 1
--- !u!223 &1445182524
Canvas:
  m_ObjectHideFlags: 0
  m_PrefabParentObject: {fileID: 0}
  m_PrefabInternal: {fileID: 0}
  m_GameObject: {fileID: 1445182521}
  m_Enabled: 1
  serializedVersion: 3
  m_RenderMode: 0
  m_Camera: {fileID: 0}
  m_PlaneDistance: 100
  m_PixelPerfect: 0
  m_ReceivesEvents: 1
  m_OverrideSorting: 0
  m_OverridePixelPerfect: 0
  m_SortingBucketNormalizedSize: 0
  m_AdditionalShaderChannelsFlag: 0
  m_SortingLayerID: 0
  m_SortingOrder: 0
  m_TargetDisplay: 0
--- !u!224 &1445182525
RectTransform:
  m_ObjectHideFlags: 0
  m_PrefabParentObject: {fileID: 0}
  m_PrefabInternal: {fileID: 0}
  m_GameObject: {fileID: 1445182521}
  m_LocalRotation: {x: 0, y: 0, z: 0, w: 1}
  m_LocalPosition: {x: 360, y: 640, z: 0}
  m_LocalScale: {x: 0.6666667, y: 0.6666667, z: 0.6666667}
  m_Children:
  - {fileID: 670577634}
  - {fileID: 1525930552}
  - {fileID: 830873821}
  - {fileID: 577235458}
  - {fileID: 460108639}
  - {fileID: 985745453}
  - {fileID: 337616670}
  - {fileID: 151569701}
  - {fileID: 1997450539}
  - {fileID: 1775706499}
  - {fileID: 257393306}
  - {fileID: 2057856173}
  - {fileID: 398974123}
  m_Father: {fileID: 0}
  m_RootOrder: 2
  m_LocalEulerAnglesHint: {x: 0, y: 0, z: 0}
  m_AnchorMin: {x: 0, y: 0}
  m_AnchorMax: {x: 0, y: 0}
  m_AnchoredPosition: {x: 325.5, y: 185.5}
  m_SizeDelta: {x: 651, y: 371}
  m_Pivot: {x: 0.5, y: 0.5}
--- !u!1001 &1448585968
Prefab:
  m_ObjectHideFlags: 0
  serializedVersion: 2
  m_Modification:
    m_TransformParent: {fileID: 1445182525}
    m_Modifications:
    - target: {fileID: 224270627703713410, guid: 5e202e0de24b459428c75711656d1f62,
        type: 2}
      propertyPath: m_LocalPosition.x
      value: 0
      objectReference: {fileID: 0}
    - target: {fileID: 224270627703713410, guid: 5e202e0de24b459428c75711656d1f62,
        type: 2}
      propertyPath: m_LocalPosition.y
      value: 0
      objectReference: {fileID: 0}
    - target: {fileID: 224270627703713410, guid: 5e202e0de24b459428c75711656d1f62,
        type: 2}
      propertyPath: m_LocalPosition.z
      value: 0
      objectReference: {fileID: 0}
    - target: {fileID: 224270627703713410, guid: 5e202e0de24b459428c75711656d1f62,
        type: 2}
      propertyPath: m_LocalRotation.x
      value: -0
      objectReference: {fileID: 0}
    - target: {fileID: 224270627703713410, guid: 5e202e0de24b459428c75711656d1f62,
        type: 2}
      propertyPath: m_LocalRotation.y
      value: -0
      objectReference: {fileID: 0}
    - target: {fileID: 224270627703713410, guid: 5e202e0de24b459428c75711656d1f62,
        type: 2}
      propertyPath: m_LocalRotation.z
      value: -0
      objectReference: {fileID: 0}
    - target: {fileID: 224270627703713410, guid: 5e202e0de24b459428c75711656d1f62,
        type: 2}
      propertyPath: m_LocalRotation.w
      value: 1
      objectReference: {fileID: 0}
    - target: {fileID: 224270627703713410, guid: 5e202e0de24b459428c75711656d1f62,
        type: 2}
      propertyPath: m_RootOrder
      value: 7
      objectReference: {fileID: 0}
    - target: {fileID: 224270627703713410, guid: 5e202e0de24b459428c75711656d1f62,
        type: 2}
      propertyPath: m_AnchoredPosition.x
      value: 0
      objectReference: {fileID: 0}
    - target: {fileID: 224270627703713410, guid: 5e202e0de24b459428c75711656d1f62,
        type: 2}
      propertyPath: m_AnchoredPosition.y
      value: 0
      objectReference: {fileID: 0}
    - target: {fileID: 224270627703713410, guid: 5e202e0de24b459428c75711656d1f62,
        type: 2}
      propertyPath: m_SizeDelta.x
      value: 0
      objectReference: {fileID: 0}
    - target: {fileID: 224270627703713410, guid: 5e202e0de24b459428c75711656d1f62,
        type: 2}
      propertyPath: m_SizeDelta.y
      value: 0
      objectReference: {fileID: 0}
    - target: {fileID: 224270627703713410, guid: 5e202e0de24b459428c75711656d1f62,
        type: 2}
      propertyPath: m_AnchorMin.x
      value: 0
      objectReference: {fileID: 0}
    - target: {fileID: 224270627703713410, guid: 5e202e0de24b459428c75711656d1f62,
        type: 2}
      propertyPath: m_AnchorMin.y
      value: 0
      objectReference: {fileID: 0}
    - target: {fileID: 224270627703713410, guid: 5e202e0de24b459428c75711656d1f62,
        type: 2}
      propertyPath: m_AnchorMax.x
      value: 1
      objectReference: {fileID: 0}
    - target: {fileID: 224270627703713410, guid: 5e202e0de24b459428c75711656d1f62,
        type: 2}
      propertyPath: m_AnchorMax.y
      value: 1
      objectReference: {fileID: 0}
    - target: {fileID: 224270627703713410, guid: 5e202e0de24b459428c75711656d1f62,
        type: 2}
      propertyPath: m_Pivot.x
      value: 0.5
      objectReference: {fileID: 0}
    - target: {fileID: 224270627703713410, guid: 5e202e0de24b459428c75711656d1f62,
        type: 2}
      propertyPath: m_Pivot.y
      value: 0.5
      objectReference: {fileID: 0}
    - target: {fileID: 224063518974296366, guid: 5e202e0de24b459428c75711656d1f62,
        type: 2}
      propertyPath: m_LocalPosition.x
      value: -490
      objectReference: {fileID: 0}
    - target: {fileID: 224093546551821662, guid: 5e202e0de24b459428c75711656d1f62,
        type: 2}
      propertyPath: m_LocalPosition.y
      value: 1257.4008
      objectReference: {fileID: 0}
    - target: {fileID: 224003938112798452, guid: 5e202e0de24b459428c75711656d1f62,
        type: 2}
      propertyPath: m_LocalPosition.y
      value: -1257.4008
      objectReference: {fileID: 0}
    m_RemovedComponents: []
  m_ParentPrefab: {fileID: 100100000, guid: 5e202e0de24b459428c75711656d1f62, type: 2}
  m_IsPrefabParent: 0
--- !u!1001 &1472217229
Prefab:
  m_ObjectHideFlags: 0
  serializedVersion: 2
  m_Modification:
    m_TransformParent: {fileID: 1445182525}
    m_Modifications:
    - target: {fileID: 224517332019892718, guid: a1eea0f8f65172d4bad468d984814b30,
        type: 2}
      propertyPath: m_LocalPosition.x
      value: 0
      objectReference: {fileID: 0}
    - target: {fileID: 224517332019892718, guid: a1eea0f8f65172d4bad468d984814b30,
        type: 2}
      propertyPath: m_LocalPosition.y
      value: 0
      objectReference: {fileID: 0}
    - target: {fileID: 224517332019892718, guid: a1eea0f8f65172d4bad468d984814b30,
        type: 2}
      propertyPath: m_LocalPosition.z
      value: 0
      objectReference: {fileID: 0}
    - target: {fileID: 224517332019892718, guid: a1eea0f8f65172d4bad468d984814b30,
        type: 2}
      propertyPath: m_LocalRotation.x
      value: -0
      objectReference: {fileID: 0}
    - target: {fileID: 224517332019892718, guid: a1eea0f8f65172d4bad468d984814b30,
        type: 2}
      propertyPath: m_LocalRotation.y
      value: -0
      objectReference: {fileID: 0}
    - target: {fileID: 224517332019892718, guid: a1eea0f8f65172d4bad468d984814b30,
        type: 2}
      propertyPath: m_LocalRotation.z
      value: -0
      objectReference: {fileID: 0}
    - target: {fileID: 224517332019892718, guid: a1eea0f8f65172d4bad468d984814b30,
        type: 2}
      propertyPath: m_LocalRotation.w
      value: 1
      objectReference: {fileID: 0}
    - target: {fileID: 224517332019892718, guid: a1eea0f8f65172d4bad468d984814b30,
        type: 2}
      propertyPath: m_RootOrder
      value: 10
      objectReference: {fileID: 0}
    - target: {fileID: 224517332019892718, guid: a1eea0f8f65172d4bad468d984814b30,
        type: 2}
      propertyPath: m_AnchoredPosition.x
      value: 0
      objectReference: {fileID: 0}
    - target: {fileID: 224517332019892718, guid: a1eea0f8f65172d4bad468d984814b30,
        type: 2}
      propertyPath: m_AnchoredPosition.y
      value: 0
      objectReference: {fileID: 0}
    - target: {fileID: 224517332019892718, guid: a1eea0f8f65172d4bad468d984814b30,
        type: 2}
      propertyPath: m_SizeDelta.x
      value: 0
      objectReference: {fileID: 0}
    - target: {fileID: 224517332019892718, guid: a1eea0f8f65172d4bad468d984814b30,
        type: 2}
      propertyPath: m_SizeDelta.y
      value: 0
      objectReference: {fileID: 0}
    - target: {fileID: 224517332019892718, guid: a1eea0f8f65172d4bad468d984814b30,
        type: 2}
      propertyPath: m_AnchorMin.x
      value: 0
      objectReference: {fileID: 0}
    - target: {fileID: 224517332019892718, guid: a1eea0f8f65172d4bad468d984814b30,
        type: 2}
      propertyPath: m_AnchorMin.y
      value: 0
      objectReference: {fileID: 0}
    - target: {fileID: 224517332019892718, guid: a1eea0f8f65172d4bad468d984814b30,
        type: 2}
      propertyPath: m_AnchorMax.x
      value: 1
      objectReference: {fileID: 0}
    - target: {fileID: 224517332019892718, guid: a1eea0f8f65172d4bad468d984814b30,
        type: 2}
      propertyPath: m_AnchorMax.y
      value: 1
      objectReference: {fileID: 0}
    - target: {fileID: 224517332019892718, guid: a1eea0f8f65172d4bad468d984814b30,
        type: 2}
      propertyPath: m_Pivot.x
      value: 0.5
      objectReference: {fileID: 0}
    - target: {fileID: 224517332019892718, guid: a1eea0f8f65172d4bad468d984814b30,
        type: 2}
      propertyPath: m_Pivot.y
      value: 0.5
      objectReference: {fileID: 0}
    - target: {fileID: 224268793024741706, guid: a1eea0f8f65172d4bad468d984814b30,
        type: 2}
      propertyPath: m_LocalPosition.x
      value: -490
      objectReference: {fileID: 0}
    - target: {fileID: 224517986842258346, guid: a1eea0f8f65172d4bad468d984814b30,
        type: 2}
      propertyPath: m_LocalPosition.y
      value: 1257.4008
      objectReference: {fileID: 0}
    m_RemovedComponents: []
  m_ParentPrefab: {fileID: 100100000, guid: a1eea0f8f65172d4bad468d984814b30, type: 2}
  m_IsPrefabParent: 0
--- !u!224 &1525930552 stripped
RectTransform:
  m_PrefabParentObject: {fileID: 224945553421838122, guid: 95a46a3bed8d20248a6705eed7f4505b,
    type: 2}
  m_PrefabInternal: {fileID: 1694108211}
--- !u!1 &1600979645
GameObject:
  m_ObjectHideFlags: 0
  m_PrefabParentObject: {fileID: 0}
  m_PrefabInternal: {fileID: 0}
  serializedVersion: 5
  m_Component:
  - component: {fileID: 1600979650}
  - component: {fileID: 1600979649}
  - component: {fileID: 1600979648}
  - component: {fileID: 1600979647}
  - component: {fileID: 1600979646}
  m_Layer: 0
  m_Name: Main Camera
  m_TagString: MainCamera
  m_Icon: {fileID: 0}
  m_NavMeshLayer: 0
  m_StaticEditorFlags: 0
  m_IsActive: 0
--- !u!81 &1600979646
AudioListener:
  m_ObjectHideFlags: 0
  m_PrefabParentObject: {fileID: 0}
  m_PrefabInternal: {fileID: 0}
  m_GameObject: {fileID: 1600979645}
  m_Enabled: 1
--- !u!124 &1600979647
Behaviour:
  m_ObjectHideFlags: 0
  m_PrefabParentObject: {fileID: 0}
  m_PrefabInternal: {fileID: 0}
  m_GameObject: {fileID: 1600979645}
  m_Enabled: 1
--- !u!92 &1600979648
Behaviour:
  m_ObjectHideFlags: 0
  m_PrefabParentObject: {fileID: 0}
  m_PrefabInternal: {fileID: 0}
  m_GameObject: {fileID: 1600979645}
  m_Enabled: 1
--- !u!20 &1600979649
Camera:
  m_ObjectHideFlags: 0
  m_PrefabParentObject: {fileID: 0}
  m_PrefabInternal: {fileID: 0}
  m_GameObject: {fileID: 1600979645}
  m_Enabled: 1
  serializedVersion: 2
  m_ClearFlags: 1
  m_BackGroundColor: {r: 1, g: 1, b: 1, a: 0}
  m_NormalizedViewPortRect:
    serializedVersion: 2
    x: 0
    y: 0
    width: 1
    height: 1
  near clip plane: 0.3
  far clip plane: 1000
  field of view: 60
  orthographic: 1
  orthographic size: 5
  m_Depth: -1
  m_CullingMask:
    serializedVersion: 2
    m_Bits: 4294967295
  m_RenderingPath: -1
  m_TargetTexture: {fileID: 0}
  m_TargetDisplay: 0
  m_TargetEye: 3
  m_HDR: 1
  m_AllowMSAA: 1
  m_ForceIntoRT: 0
  m_OcclusionCulling: 1
  m_StereoConvergence: 10
  m_StereoSeparation: 0.022
--- !u!4 &1600979650
Transform:
  m_ObjectHideFlags: 0
  m_PrefabParentObject: {fileID: 0}
  m_PrefabInternal: {fileID: 0}
  m_GameObject: {fileID: 1600979645}
  m_LocalRotation: {x: 0, y: 0, z: 0, w: 1}
  m_LocalPosition: {x: 0, y: 0, z: -10}
  m_LocalScale: {x: 1, y: 1, z: 1}
  m_Children: []
  m_Father: {fileID: 0}
  m_RootOrder: 1
  m_LocalEulerAnglesHint: {x: 0, y: 0, z: 0}
--- !u!1001 &1694108211
Prefab:
  m_ObjectHideFlags: 0
  serializedVersion: 2
  m_Modification:
    m_TransformParent: {fileID: 1445182525}
    m_Modifications:
    - target: {fileID: 224945553421838122, guid: 95a46a3bed8d20248a6705eed7f4505b,
        type: 2}
      propertyPath: m_LocalPosition.x
      value: 0
      objectReference: {fileID: 0}
    - target: {fileID: 224945553421838122, guid: 95a46a3bed8d20248a6705eed7f4505b,
        type: 2}
      propertyPath: m_LocalPosition.y
      value: 0
      objectReference: {fileID: 0}
    - target: {fileID: 224945553421838122, guid: 95a46a3bed8d20248a6705eed7f4505b,
        type: 2}
      propertyPath: m_LocalPosition.z
      value: 0
      objectReference: {fileID: 0}
    - target: {fileID: 224945553421838122, guid: 95a46a3bed8d20248a6705eed7f4505b,
        type: 2}
      propertyPath: m_LocalRotation.x
      value: 0
      objectReference: {fileID: 0}
    - target: {fileID: 224945553421838122, guid: 95a46a3bed8d20248a6705eed7f4505b,
        type: 2}
      propertyPath: m_LocalRotation.y
      value: 0
      objectReference: {fileID: 0}
    - target: {fileID: 224945553421838122, guid: 95a46a3bed8d20248a6705eed7f4505b,
        type: 2}
      propertyPath: m_LocalRotation.z
      value: 0
      objectReference: {fileID: 0}
    - target: {fileID: 224945553421838122, guid: 95a46a3bed8d20248a6705eed7f4505b,
        type: 2}
      propertyPath: m_LocalRotation.w
      value: 1
      objectReference: {fileID: 0}
    - target: {fileID: 224945553421838122, guid: 95a46a3bed8d20248a6705eed7f4505b,
        type: 2}
      propertyPath: m_RootOrder
      value: 1
      objectReference: {fileID: 0}
    - target: {fileID: 224945553421838122, guid: 95a46a3bed8d20248a6705eed7f4505b,
        type: 2}
      propertyPath: m_AnchoredPosition.x
      value: 0
      objectReference: {fileID: 0}
    - target: {fileID: 224945553421838122, guid: 95a46a3bed8d20248a6705eed7f4505b,
        type: 2}
      propertyPath: m_AnchoredPosition.y
      value: 0
      objectReference: {fileID: 0}
    - target: {fileID: 224945553421838122, guid: 95a46a3bed8d20248a6705eed7f4505b,
        type: 2}
      propertyPath: m_SizeDelta.x
      value: 0
      objectReference: {fileID: 0}
    - target: {fileID: 224945553421838122, guid: 95a46a3bed8d20248a6705eed7f4505b,
        type: 2}
      propertyPath: m_SizeDelta.y
      value: 0
      objectReference: {fileID: 0}
    - target: {fileID: 224945553421838122, guid: 95a46a3bed8d20248a6705eed7f4505b,
        type: 2}
      propertyPath: m_AnchorMin.x
      value: 0
      objectReference: {fileID: 0}
    - target: {fileID: 224945553421838122, guid: 95a46a3bed8d20248a6705eed7f4505b,
        type: 2}
      propertyPath: m_AnchorMin.y
      value: 0
      objectReference: {fileID: 0}
    - target: {fileID: 224945553421838122, guid: 95a46a3bed8d20248a6705eed7f4505b,
        type: 2}
      propertyPath: m_AnchorMax.x
      value: 1
      objectReference: {fileID: 0}
    - target: {fileID: 224945553421838122, guid: 95a46a3bed8d20248a6705eed7f4505b,
        type: 2}
      propertyPath: m_AnchorMax.y
      value: 1
      objectReference: {fileID: 0}
    - target: {fileID: 224945553421838122, guid: 95a46a3bed8d20248a6705eed7f4505b,
        type: 2}
      propertyPath: m_Pivot.x
      value: 0.5
      objectReference: {fileID: 0}
    - target: {fileID: 224945553421838122, guid: 95a46a3bed8d20248a6705eed7f4505b,
        type: 2}
      propertyPath: m_Pivot.y
      value: 0.5
      objectReference: {fileID: 0}
    - target: {fileID: 224796946877503652, guid: 95a46a3bed8d20248a6705eed7f4505b,
        type: 2}
      propertyPath: m_LocalPosition.y
      value: 1257.4008
      objectReference: {fileID: 0}
    - target: {fileID: 1584143492654678, guid: 95a46a3bed8d20248a6705eed7f4505b, type: 2}
      propertyPath: m_IsActive
      value: 0
      objectReference: {fileID: 0}
    m_RemovedComponents: []
  m_ParentPrefab: {fileID: 100100000, guid: 95a46a3bed8d20248a6705eed7f4505b, type: 2}
  m_IsPrefabParent: 0
--- !u!1001 &1744263648
Prefab:
  m_ObjectHideFlags: 0
  serializedVersion: 2
  m_Modification:
    m_TransformParent: {fileID: 1445182525}
    m_Modifications:
    - target: {fileID: 224722482024143100, guid: b40fb8730108b464d83cba50966d499b,
        type: 2}
      propertyPath: m_LocalPosition.x
      value: 0
      objectReference: {fileID: 0}
    - target: {fileID: 224722482024143100, guid: b40fb8730108b464d83cba50966d499b,
        type: 2}
      propertyPath: m_LocalPosition.y
      value: 0
      objectReference: {fileID: 0}
    - target: {fileID: 224722482024143100, guid: b40fb8730108b464d83cba50966d499b,
        type: 2}
      propertyPath: m_LocalPosition.z
      value: 0
      objectReference: {fileID: 0}
    - target: {fileID: 224722482024143100, guid: b40fb8730108b464d83cba50966d499b,
        type: 2}
      propertyPath: m_LocalRotation.x
      value: -0
      objectReference: {fileID: 0}
    - target: {fileID: 224722482024143100, guid: b40fb8730108b464d83cba50966d499b,
        type: 2}
      propertyPath: m_LocalRotation.y
      value: -0
      objectReference: {fileID: 0}
    - target: {fileID: 224722482024143100, guid: b40fb8730108b464d83cba50966d499b,
        type: 2}
      propertyPath: m_LocalRotation.z
      value: -0
      objectReference: {fileID: 0}
    - target: {fileID: 224722482024143100, guid: b40fb8730108b464d83cba50966d499b,
        type: 2}
      propertyPath: m_LocalRotation.w
      value: 1
      objectReference: {fileID: 0}
    - target: {fileID: 224722482024143100, guid: b40fb8730108b464d83cba50966d499b,
        type: 2}
      propertyPath: m_RootOrder
      value: 5
      objectReference: {fileID: 0}
    - target: {fileID: 224722482024143100, guid: b40fb8730108b464d83cba50966d499b,
        type: 2}
      propertyPath: m_AnchoredPosition.x
      value: 0
      objectReference: {fileID: 0}
    - target: {fileID: 224722482024143100, guid: b40fb8730108b464d83cba50966d499b,
        type: 2}
      propertyPath: m_AnchoredPosition.y
      value: 0
      objectReference: {fileID: 0}
    - target: {fileID: 224722482024143100, guid: b40fb8730108b464d83cba50966d499b,
        type: 2}
      propertyPath: m_SizeDelta.x
      value: 0
      objectReference: {fileID: 0}
    - target: {fileID: 224722482024143100, guid: b40fb8730108b464d83cba50966d499b,
        type: 2}
      propertyPath: m_SizeDelta.y
      value: 0
      objectReference: {fileID: 0}
    - target: {fileID: 224722482024143100, guid: b40fb8730108b464d83cba50966d499b,
        type: 2}
      propertyPath: m_AnchorMin.x
      value: 0
      objectReference: {fileID: 0}
    - target: {fileID: 224722482024143100, guid: b40fb8730108b464d83cba50966d499b,
        type: 2}
      propertyPath: m_AnchorMin.y
      value: 0
      objectReference: {fileID: 0}
    - target: {fileID: 224722482024143100, guid: b40fb8730108b464d83cba50966d499b,
        type: 2}
      propertyPath: m_AnchorMax.x
      value: 1
      objectReference: {fileID: 0}
    - target: {fileID: 224722482024143100, guid: b40fb8730108b464d83cba50966d499b,
        type: 2}
      propertyPath: m_AnchorMax.y
      value: 1
      objectReference: {fileID: 0}
    - target: {fileID: 224722482024143100, guid: b40fb8730108b464d83cba50966d499b,
        type: 2}
      propertyPath: m_Pivot.x
      value: 0.5
      objectReference: {fileID: 0}
    - target: {fileID: 224722482024143100, guid: b40fb8730108b464d83cba50966d499b,
        type: 2}
      propertyPath: m_Pivot.y
      value: 0.5
      objectReference: {fileID: 0}
    - target: {fileID: 224844670677848272, guid: b40fb8730108b464d83cba50966d499b,
        type: 2}
      propertyPath: m_LocalPosition.y
      value: 1257.4008
      objectReference: {fileID: 0}
    - target: {fileID: 224081920388990294, guid: b40fb8730108b464d83cba50966d499b,
        type: 2}
      propertyPath: m_LocalPosition.x
      value: -490
      objectReference: {fileID: 0}
    m_RemovedComponents: []
  m_ParentPrefab: {fileID: 100100000, guid: b40fb8730108b464d83cba50966d499b, type: 2}
  m_IsPrefabParent: 0
--- !u!224 &1775706499 stripped
RectTransform:
  m_PrefabParentObject: {fileID: 224810976332384230, guid: d972400c0b32a97469f6e60eca283ee7,
    type: 2}
  m_PrefabInternal: {fileID: 886981597}
--- !u!1 &1874459837
GameObject:
  m_ObjectHideFlags: 0
  m_PrefabParentObject: {fileID: 0}
  m_PrefabInternal: {fileID: 0}
  serializedVersion: 5
  m_Component:
  - component: {fileID: 1874459840}
  - component: {fileID: 1874459839}
  - component: {fileID: 1874459838}
  m_Layer: 0
  m_Name: EventSystem
  m_TagString: Untagged
  m_Icon: {fileID: 0}
  m_NavMeshLayer: 0
  m_StaticEditorFlags: 0
  m_IsActive: 1
--- !u!114 &1874459838
MonoBehaviour:
  m_ObjectHideFlags: 0
  m_PrefabParentObject: {fileID: 0}
  m_PrefabInternal: {fileID: 0}
  m_GameObject: {fileID: 1874459837}
  m_Enabled: 1
  m_EditorHideFlags: 0
  m_Script: {fileID: 1077351063, guid: f70555f144d8491a825f0804e09c671c, type: 3}
  m_Name: 
  m_EditorClassIdentifier: 
  m_HorizontalAxis: Horizontal
  m_VerticalAxis: Vertical
  m_SubmitButton: Submit
  m_CancelButton: Cancel
  m_InputActionsPerSecond: 10
  m_RepeatDelay: 0.5
  m_ForceModuleActive: 0
--- !u!114 &1874459839
MonoBehaviour:
  m_ObjectHideFlags: 0
  m_PrefabParentObject: {fileID: 0}
  m_PrefabInternal: {fileID: 0}
  m_GameObject: {fileID: 1874459837}
  m_Enabled: 1
  m_EditorHideFlags: 0
  m_Script: {fileID: -619905303, guid: f70555f144d8491a825f0804e09c671c, type: 3}
  m_Name: 
  m_EditorClassIdentifier: 
  m_FirstSelected: {fileID: 0}
  m_sendNavigationEvents: 1
  m_DragThreshold: 5
--- !u!4 &1874459840
Transform:
  m_ObjectHideFlags: 0
  m_PrefabParentObject: {fileID: 0}
  m_PrefabInternal: {fileID: 0}
  m_GameObject: {fileID: 1874459837}
  m_LocalRotation: {x: 0, y: 0, z: 0, w: 1}
  m_LocalPosition: {x: 0, y: 0, z: 0}
  m_LocalScale: {x: 1, y: 1, z: 1}
  m_Children: []
  m_Father: {fileID: 0}
  m_RootOrder: 3
  m_LocalEulerAnglesHint: {x: 0, y: 0, z: 0}
--- !u!224 &1997450539 stripped
RectTransform:
  m_PrefabParentObject: {fileID: 224768795586167810, guid: 2ea99dcf7f2cafb418d665401937a9c6,
    type: 2}
  m_PrefabInternal: {fileID: 264727445}
--- !u!1001 &2052065421
Prefab:
  m_ObjectHideFlags: 0
  serializedVersion: 2
  m_Modification:
    m_TransformParent: {fileID: 0}
    m_Modifications:
    - target: {fileID: 455064, guid: 6dd8a13b4d36288498b7f2522ce9ba8e, type: 2}
      propertyPath: m_LocalPosition.x
      value: 0
      objectReference: {fileID: 0}
    - target: {fileID: 455064, guid: 6dd8a13b4d36288498b7f2522ce9ba8e, type: 2}
      propertyPath: m_LocalPosition.y
      value: 0
      objectReference: {fileID: 0}
    - target: {fileID: 455064, guid: 6dd8a13b4d36288498b7f2522ce9ba8e, type: 2}
      propertyPath: m_LocalPosition.z
      value: 0
      objectReference: {fileID: 0}
    - target: {fileID: 455064, guid: 6dd8a13b4d36288498b7f2522ce9ba8e, type: 2}
      propertyPath: m_LocalRotation.x
      value: 0
      objectReference: {fileID: 0}
    - target: {fileID: 455064, guid: 6dd8a13b4d36288498b7f2522ce9ba8e, type: 2}
      propertyPath: m_LocalRotation.y
      value: 0
      objectReference: {fileID: 0}
    - target: {fileID: 455064, guid: 6dd8a13b4d36288498b7f2522ce9ba8e, type: 2}
      propertyPath: m_LocalRotation.z
      value: 0
      objectReference: {fileID: 0}
    - target: {fileID: 455064, guid: 6dd8a13b4d36288498b7f2522ce9ba8e, type: 2}
      propertyPath: m_LocalRotation.w
      value: 1
      objectReference: {fileID: 0}
    - target: {fileID: 455064, guid: 6dd8a13b4d36288498b7f2522ce9ba8e, type: 2}
      propertyPath: m_RootOrder
      value: 0
      objectReference: {fileID: 0}
    - target: {fileID: 11455064, guid: 6dd8a13b4d36288498b7f2522ce9ba8e, type: 2}
      propertyPath: isUseEasyWebCam
      value: 1
      objectReference: {fileID: 0}
    - target: {fileID: 2055064, guid: 6dd8a13b4d36288498b7f2522ce9ba8e, type: 2}
      propertyPath: m_BackGroundColor.r
      value: 0
      objectReference: {fileID: 0}
    - target: {fileID: 2055064, guid: 6dd8a13b4d36288498b7f2522ce9ba8e, type: 2}
      propertyPath: m_BackGroundColor.g
      value: 0
      objectReference: {fileID: 0}
    - target: {fileID: 2055064, guid: 6dd8a13b4d36288498b7f2522ce9ba8e, type: 2}
      propertyPath: m_BackGroundColor.b
      value: 0
      objectReference: {fileID: 0}
    m_RemovedComponents: []
  m_ParentPrefab: {fileID: 100100000, guid: 6dd8a13b4d36288498b7f2522ce9ba8e, type: 2}
  m_IsPrefabParent: 0
--- !u!114 &2052065422 stripped
MonoBehaviour:
  m_PrefabParentObject: {fileID: 11455064, guid: 6dd8a13b4d36288498b7f2522ce9ba8e,
    type: 2}
  m_PrefabInternal: {fileID: 2052065421}
  m_Script: {fileID: 11500000, guid: dbbc4ec028b703e4fa6b1c2c841018ac, type: 3}
--- !u!224 &2057856173 stripped
RectTransform:
  m_PrefabParentObject: {fileID: 224313781870833302, guid: c31890e07b94f5a4caba17b6049cc9a5,
    type: 2}
  m_PrefabInternal: {fileID: 1438860514}
